%!TEX root = ./hauptdatei.tex

@online{postgres-history,
title={A Brief History of PostgreSQL}, 
author={PostgreSQL},
urldate={2019-03-27},
url={https://www.postgresql.org/docs/current/static/history.html}
}

@online{postgres-about,
title={About PostgreSQL}, 
author={PostgreSQL},
urldate={2019-03-27},
url={https://www.postgresql.org/about/}
}

@online{postgres-companies,
title={Companies that use PostgreSQL}, 
author={Stackshare},
urldate={2019-03-27},
url={https://stackshare.io/postgresql}
}

@online{mysql-companies,
title={MySQL Customers}, 
author={MySQL},
urldate={2019-03-27},
url={https://www.mysql.com/customers/}
}

@online{postgres-mysql-comparison,
title={PostgreSQL vs MySQL}, 
author={Bui, An},
urldate={2019-03-27},
url={https://blog.panoply.io/postgresql-vs.-mysql}
}

@online{spring-book-1,
title={Das Spring Framework – eine Einführung}, 
author={Schelter, Sebastian},
urldate={2019-03-27},
url={http://www.inf.fu-berlin.de/inst/ag-se/teaching/S-BSE/134_schelter_spring.pdf}
}

@online{swift,
title={Swift}, 
author={Apple Inc.},
urldate={2019-05-20},
url={https://www.apple.com/de/swift/}
}

%
% books
%

@Book{spring-book-2,
Title = {Spring 3 - Framework für die Java-Entwicklung},
Author = {Wolff, Eberhard},
Publisher = {dpunkt.verlag},
Year = {2010},
Isbn = {978-3-89864-572-0}
}

@Book{spring-book-3,
Title = {Spring REST},
Author = {Varanasi, Balaji  and Belida, Sudha},
Publisher = {Apress},
Year = {2015},
Isbn = {978-1-4842-0824-3}
}

@Book{dependency-book,
Title = {Java 9 Dependency Injection},
Author = {Patel, Nilang and Patel, Krunal},
Publisher = {Packt Publishing Ltd},
Year = {2018},
Isbn = {9781788296250}
}

@Book{websecurity-book,
Title = {Sicherheit von Webanwendungen in der Praxis},
Author = {Rohr, Matthias},
Publisher = {Springer Vieweg},
Year = {2015},
Isbn = {9783658038519}
}

@Book{client-server-book,
Title = {Masterkurs Client/Server-Programmierung mit Java},
Author = {Abts, Prof. Dr. Dietmar},
Publisher = {Springer Fachmedien Wiesbaden},
Year = {2019},
Isbn = {978-3-658-25924-2}
}
